<?xml version="1.0" encoding="UTF-8"?><collection xmlns="http://www.loc.gov/MARC21/slim"><record><leader>00412nam--2200169-u-4500</leader><controlfield tag="001">000051896</controlfield><controlfield tag="002">20161230</controlfield><controlfield tag="005">20170119003848</controlfield><controlfield tag="008">090415s1000------------r-----000-0-eng-d</controlfield><datafield ind1=" " ind2=" " tag="040"><subfield code="a">IFIN-HH</subfield></datafield><datafield ind1=" " ind2=" " tag="080"><subfield code="a">517.984</subfield></datafield><datafield ind1="1" ind2=" " tag="100"><subfield code="a">Dold, A</subfield><subfield code="e">ed</subfield></datafield><datafield ind1="1" ind2="0" tag="245"><subfield code="a">Complex Analysis and Spectral Theory</subfield></datafield><datafield ind1=" " ind2=" " tag="260"><subfield code="a">Berlin</subfield><subfield code="b">Springer-Verlag</subfield><subfield code="c">1981</subfield></datafield><datafield ind1=" " ind2=" " tag="300"><subfield code="a">479 p</subfield></datafield><datafield ind1=" " ind2=" " tag="852"><subfield code="a">71675</subfield><subfield code="c">17.9</subfield></datafield><datafield ind1=" " ind2=" " tag="CAT"><subfield code="a">SYS</subfield><subfield code="c">20170119</subfield><subfield code="h">003848</subfield></datafield></record></collection>